<record><leader>00000cas a2200000 a 4500</leader><controlfield tag="001">4049192</controlfield><controlfield tag="008">780713c19039999aludr ne      0    0eng  </controlfield><datafield ind1=" " ind2=" " tag="010"><subfield code="a">   76642526 </subfield><subfield code="z">sn 84020560 </subfield></datafield><datafield ind1=" " ind2=" " tag="040"><subfield code="a">DLC</subfield><subfield code="b">eng</subfield><subfield code="c">DLC</subfield><subfield code="d">OCL</subfield><subfield code="d">DLC</subfield><subfield code="d">MSJ</subfield><subfield code="d">DLC</subfield><subfield code="d">OCL</subfield><subfield code="d">CPN</subfield><subfield code="d">YOX</subfield><subfield code="d">OBN</subfield><subfield code="d">DLC</subfield><subfield code="d">CUI</subfield><subfield code="d">OCLCQ</subfield><subfield code="d">OCLCF</subfield></datafield><datafield ind1=" " ind2=" " tag="019"><subfield code="a">4049385</subfield><subfield code="a">4050077</subfield><subfield code="a">4061521</subfield><subfield code="a">9183117</subfield><subfield code="a">1001475080</subfield></datafield><datafield ind1="1" ind2=" " tag="029"><subfield code="a">AU@</subfield><subfield code="b">000041709085</subfield></datafield><datafield ind1=" " ind2=" " tag="037"><subfield code="b">The Mobile Press Register, P.O. Box 2488, Mobile, Ala. 36630</subfield></datafield><datafield ind1=" " ind2=" " tag="042"><subfield code="a">pcc</subfield></datafield><datafield ind1=" " ind2=" " tag="043"><subfield code="a">n-us-al</subfield></datafield><datafield ind1="0" ind2="0" tag="050"><subfield code="a">Newspaper 7020</subfield></datafield><datafield ind1=" " ind2="4" tag="050"><subfield code="a">AN</subfield></datafield><datafield ind1="0" ind2="4" tag="245"><subfield code="a">The Mobile register.</subfield></datafield><datafield ind1="3" ind2="0" tag="246"><subfield code="a">Mobile Sunday register</subfield></datafield><datafield ind1="3" ind2="0" tag="246"><subfield code="a">Mobile daily register</subfield></datafield><datafield ind1="3" ind2="0" tag="246"><subfield code="a">Mobile county register</subfield></datafield><datafield ind1="3" ind2="0" tag="246"><subfield code="a">Mobile press register</subfield></datafield><datafield ind1="1" ind2="3" tag="246"><subfield code="a">Daily register</subfield></datafield><datafield ind1=" " ind2=" " tag="260"><subfield code="a">Mobile, Ala. :</subfield><subfield code="b">Register Co.,</subfield><subfield code="c">1903-</subfield></datafield><datafield ind1=" " ind2=" " tag="300"><subfield code="a">v.</subfield></datafield><datafield ind1=" " ind2=" " tag="310"><subfield code="a">Daily,</subfield><subfield code="b">Feb. 15, 1904-</subfield></datafield><datafield ind1=" " ind2=" " tag="321"><subfield code="a">Daily (except Monday),</subfield><subfield code="b">May 26, 1903-Feb. 14, 1904</subfield></datafield><datafield ind1="0" ind2=" " tag="362"><subfield code="a">Vol. 83, no. 100 (May 26, 1903)-</subfield></datafield><datafield ind1=" " ind2=" " tag="500"><subfield code="a">Published as: Mobile daily register, &lt;Jan. 1, 1926-Dec. 31, 1929&gt;.</subfield></datafield><datafield ind1=" " ind2=" " tag="500"><subfield code="a">Published as: Mobile county register, &lt;Jan. 1, 1977-1982&gt;.</subfield></datafield><datafield ind1=" " ind2=" " tag="500"><subfield code="a">On Sunday published as Mobile Sunday register, May 7, 1911-Feb. 14, 1932.</subfield></datafield><datafield ind1=" " ind2=" " tag="500"><subfield code="a">On Sundays, published a combined edition with the Mobile Press, called Mobile press register, Feb. 14, 1932-&lt;&gt;.</subfield></datafield><datafield ind1=" " ind2=" " tag="530"><subfield code="a">Also issued on microfilm from the Library of Congress, Photoduplication Service.</subfield></datafield><datafield ind1=" " ind2="0" tag="651"><subfield code="a">Mobile (Ala.)</subfield><subfield code="v">Newspapers.</subfield></datafield><datafield ind1=" " ind2="0" tag="651"><subfield code="a">Mobile County (Ala.)</subfield><subfield code="v">Newspapers.</subfield></datafield><datafield ind1=" " ind2="7" tag="655"><subfield code="a">Newspapers.</subfield><subfield code="2">fast</subfield><subfield code="0">(OCoLC)fst01423814</subfield></datafield><datafield ind1=" " ind2="7" tag="651"><subfield code="a">Alabama</subfield><subfield code="z">Mobile.</subfield><subfield code="2">fast</subfield><subfield code="0">(OCoLC)fst01206367</subfield></datafield><datafield ind1=" " ind2="7" tag="651"><subfield code="a">Alabama</subfield><subfield code="z">Mobile County.</subfield><subfield code="2">fast</subfield><subfield code="0">(OCoLC)fst01211225</subfield></datafield><datafield ind1=" " ind2=" " tag="752"><subfield code="a">United States</subfield><subfield code="b">Alabama</subfield><subfield code="c">Mobile</subfield><subfield code="d">Mobile.</subfield></datafield><datafield ind1="0" ind2=" " tag="775"><subfield code="t">Mobile weekly register (Mobile, Ala. : 1897)</subfield><subfield code="w">(DLC)sn 89050035</subfield><subfield code="w">(OCoLC)20423568</subfield></datafield><datafield ind1="0" ind2="8" tag="776"><subfield code="i">Online version:</subfield><subfield code="t">Mobile register (Online)</subfield><subfield code="w">(DLC)   76642526</subfield><subfield code="w">(OCoLC)233143956</subfield></datafield><datafield ind1="0" ind2="0" tag="780"><subfield code="t">Daily register (Mobile, Ala.)</subfield><subfield code="w">(DLC)sn 84020549</subfield><subfield code="w">(OCoLC)11115573</subfield></datafield></record>